@misc{Microsoft24,
  title         = {O que \'{e} o .NET?},
  author        = {Microsoft},
  year          = {2024},
  timestamp     = {2024.11.27},
  url           = {https://dotnet.microsoft.com/pt-br/learn/dotnet/what-is-dotnet},
  urlaccessdate = {27 de novembro 2024}
}

@misc{DartDoc24,
  title         = {Dart Overview},
  author        = {Dart},
  year          = {2024},
  timestamp     = {2024.11.27},
  url           = {https://dart.dev/overview},
  urlaccessdate = {27 de novembro 2024}
}

@misc{FlutterWeb24,
  title         = {Build for any screen},
  author        = {Flutter},
  year          = {2024},
  timestamp     = {2024.11.27},
  url           = {https://flutter.dev/},
  urlaccessdate = {27 de novembro 2024}
}

@misc{FishAngler24,
  title         = {Catch more fish with FishAngler},
  author        = {FishAngler},
  year          = {2024},
  timestamp     = {2024.11.28},
  url           = {https://www.fishangler.com/},
  urlaccessdate = {28 de novembro 2024}
}

@misc{FishFriender24,
  title         = {The Mobile App made for all Fishermen},
  author        = {Fishfriender},
  year          = {2024},
  timestamp     = {2024.11.28},
  url           = {https://www.fishfriender.com/},
  urlaccessdate = {28 de novembro 2024}
}

@misc{FishFrienderPlayStore24,
  title         = {FishFriender - diario de pesca},
  author        = {Fishfriender},
  year          = {2024},
  timestamp     = {2024.11.28},
  url           = {https://play.google.com/store/apps/details?id=com.halieuticom.fishfriender},
  urlaccessdate = {28 de novembro 2024}
}

@misc{MongoDBModelagem25,
  title         = {Modelagem de dados},
  author        = {MongoDB},
  year          = {2025},
  url           = {https://www.mongodb.com/pt-br/docs/relational-migrator/mapping-rules/introduction/},
  urlaccessdate = {24 de julho 2025}
}

@misc{MongoDB24,
  title         = {MongoDB: A plataforma de dados para desenvolvedores},
  author        = {MongoDB},
  year          = {2024},
  timestamp     = {2024.11.29},
  url           = {https://www.mongodb.com/pt-br},
  urlaccessdate = {29 de novembro 2024}
}

@article{ferreira2005open,
  title   = {Open Source Software},
  author  = {Ferreira, AJL},
  journal = {Departamento de Engenharia Inform{\'a}tica. Universidade de Coimbra},
  year    = {2005}
}

@article{afonso2007breves,
  title   = {Breves notas sobre a hist{\'o}ria da pesca},
  author  = {Dias, Afonso Manuel},
  journal = {Faro-Portugal: Universidade},
  year    = {2007}
}

@article{godoy1995introduccao,
  title     = {Introdu{\c{c}}{\~a}o {\`a} pesquisa qualitativa e suas possibilidades},
  author    = {Godoy, Arlida Schmidt},
  journal   = {Revista de administra{\c{c}}{\~a}o de empresas},
  volume    = {35},
  pages     = {57--63},
  year      = {1995},
  publisher = {SciELO Brasil}
}

@article{de2023metodologia,
  title   = {Metodologia da pesquisa cient{\'\i}fica e acad{\^e}mica},
  author  = {De Lunetta, Avaet{\^e} and Guerra, Rodrigues},
  journal = {Revista OWL (OWL Journal)-Revista Interdisciplinar de Ensino e Educa{\c{c}}{\~a}o},
  volume  = {1},
  number  = {2},
  pages   = {149--159},
  year    = {2023}
}

@misc{DrawIO,
  title         = {Security-first diagramming for teams.},
  author        = {draw.io},
  year          = {2025},
  timestamp     = {2025.07.14},
  url           = {https://www.drawio.com/},
  urlaccessdate = {14 de julho 2025}
}

@misc{fernandoCunha2025,
  title         = {Requisitos funcionais e não funcionais: o que são?},
  author        = {Cunha, Fernando},
  year          = {2024},
  timestamp     = {2025.07.16},
  url           = {https://www.mestresdaweb.com.br/tecnologias/requisitos-funcionais-e-nao-funcionais-o-que-sao},
  urlaccessdate = {16 de julho 2025}
}

@misc{AwsAmazon2024,
  title         = {O que é diagramação de arquitetura?},
  author        = {Amazon AWS},
  year          = {2024},
  timestamp     = {2025.07.18},
  url           = {https://aws.amazon.com/pt/what-is/architecture-diagramming/},
  urlaccessdate = {18 de julho 2025}
}


@misc{SwaggerDoc2025,
  title         = {API Documentation},
  author        = {Swagger},
  year          = {2025},
  timestamp     = {2025.08.04},
  url           = {https://swagger.io/solutions/api-documentation/},
  urlaccessdate = {05 de agosto 2025}
}

@misc{OpenStreetMap,
  title         = {OpenStreetMap},
  author        = {OpenStreetMap},
  year          = {2025},
  timestamp     = {2025.08.18},
  url           = {www.openstreetmap.org},
  urlaccessdate = {18 de agosto 2025}
}

@misc{OpenStreetMapCopyright,
  title         = {OpenStreetMap Copyright},
  author        = {OpenStreetMap},
  year          = {2025},
  timestamp     = {2025.08.18},
  url           = {https://www.openstreetmap.org/copyright},
  urlaccessdate = {18 de agosto 2025}
}

@phdthesis{de2006prototipagem,
  title  = {Prototipagem R{\'a}pida como Forma de Envolvimento de Usu{\'a}rio em Metodologia {\'A}gil de Desenvolvimento de Software},
  author = {de Souza Coutinho, Jo{\~a}o Rodrigo Teixeira},
  year   = {2006},
  school = {Tese de Mestrado. Universidade Federal de Pernambuco. 18, 19}
}

@article{de2022roraima,
  title   = {Roraima: Aspectos hist{\'o}ricos da evolu{\c{c}}{\~a}o da pesca esportiva no extremo norte do Brasil},
  author  = {de Souza, Robson Oliveira},
  journal = {Revista Eletr{\^o}nica Casa de Makunaima},
  volume  = {4},
  number  = {1},
  pages   = {40--59},
  year    = {2022}
}

@article{nassiff2025frota,
  title     = {Frota pesqueira industrial do atum: inova{\c{c}}{\~a}o e tecnologia para uma economia azul},
  author    = {Nassiff, Lessany Ewander de Souza},
  year      = {2025},
  publisher = {Universidade Federal do Rio Grande do Norte}
}

@book{oliveira2020v,
  author    = {Oliveira, Vanildo Souza},
  title     = {Tecnologia de Pesca},
  publisher = {Livro Rápido},
  year      = {2020},
  url       = {http://faep.eng.br/arquivos/download_arquivo.php},
  note      = {Livro online}
}

@article{skov2021expert,
  title     = {Expert opinion on using angler Smartphone apps to inform marine fisheries management: status, prospects, and needs},
  author    = {Skov, Christian and Hyder, Kieran and Gundelund, Casper and Ahvonen, Anssi and Baudrier, J{\'e}r{\^o}me and Borch, Trude and DeCarvalho, Sara and Erzini, Karim and Ferter, Keno and Grati, Fabio and others},
  journal   = {ICES Journal of Marine Science},
  volume    = {78},
  number    = {3},
  pages     = {967--978},
  year      = {2021},
  publisher = {Oxford University Press}
}